<collection xmlns="http://www.loc.gov/MARC21/slim">
<record>
  <leader>01408nam0a22001931i 450 </leader>
  <controlfield tag="001">IT\ICCU\CNCE\057938</controlfield>
  <controlfield tag="005">20060802000000.0</controlfield>
  <datafield tag="100" ind1=" " ind2=" ">
    <subfield code="a">20040503f1504        0itac0103    ba</subfield>
  </datafield>
  <datafield tag="101" ind1=" " ind2=" ">
    <subfield code="a">LAT</subfield>
  </datafield>
  <datafield tag="102" ind1=" " ind2=" ">
    <subfield code="a">IT</subfield>
  </datafield>
  <datafield tag="200" ind1="1" ind2=" ">
    <subfield code="a">In hoc codice continentur haec opera eloquentissimi oratoris Marini Becichemi Scodrensis publici professoris Brixiae. Panegiricus serenissimo principi Leonardo Lauretano et illustrissimo senatui Veneto dictus. Centuria epistolicarum quaestionum eidem principi atque senatui dicata: in qua sunt capita plura da artem oratoriam, &amp; ad artificium orationum Ciceronis spectantia. Item sunt castigationes multae in asinum aureum, &amp; in multa aliorum auctorum opera. Castigationes in totum Victorinum. Castigationesintotum opus Rhe. de inuentione. Castigationes in ... libros Rhe. ad Herennium. Castigationes in ... libros de oratore. Castigationes in ... libros de floridorum Apuleii. Item sunt artes. De componenda epistola. De componendo dialogo. De imitatione ...</subfield>
  </datafield>
  <datafield tag="210" ind1=" " ind2=" ">
    <subfield code="d">\1504!</subfield>
  </datafield>
  <datafield tag="215" ind1=" " ind2=" ">
    <subfield code="a">\172! c.</subfield>
    <subfield code="d">fol</subfield>
  </datafield>
  <datafield tag="300" ind1=" " ind2=" ">
    <subfield code="a">ANNULLATA  !!!  vedi 65173Stampata a Brescia da Angelo  Britannico. Cfr. E. Sandal. La stampa a Brescia nel Cinquecento, n.35</subfield>
  </datafield>
  <datafield tag="620" ind1=" " ind2=" ">
    <subfield code="a">IT</subfield>
    <subfield code="d">Brescia</subfield>
  </datafield>
  <datafield tag="700" ind1=" " ind2="1">
    <subfield code="a">Becichemo,</subfield>
    <subfield code="b">Marino</subfield>
    <subfield code="3">IT\ICCU\CNCA\001499</subfield>
  </datafield>
  <datafield tag="712" ind1="0" ind2="0">
    <subfield code="a">Britannico, Angelo</subfield>
    <subfield code="3">IT\ICCU\CNCT\000463</subfield>
    <subfield code="4">650</subfield>
  </datafield>
  <datafield tag="791" ind1="0" ind2="0">
    <subfield code="a">Britannicus, Angelus</subfield>
    <subfield code="3">IT\ICCU\CNCT\004776</subfield>
    <subfield code="z">Britannico, Angelo</subfield>
  </datafield>
  <datafield tag="801" ind1=" " ind2="3">
    <subfield code="a">IT</subfield>
    <subfield code="b">ICCU</subfield>
    <subfield code="c">20201115</subfield>
  </datafield>
</record>
</collection>
